<?xml version="1.0" encoding="UTF-8"?><record xmlns="http://www.loc.gov/MARC21/slim" xmlns:cinclude="http://apache.org/cocoon/include/1.0" xmlns:zs="http://www.loc.gov/zing/srw/">
  <leader>00427nz  a2200145n  4500</leader>
  <controlfield tag="001">no 96065952 </controlfield>
  <controlfield tag="003">DLC</controlfield>
  <controlfield tag="005">19961214051936.6</controlfield>
  <controlfield tag="008">961213n| acannaab|          |a aaa     c</controlfield>
  <datafield tag="010" ind1=" " ind2=" ">
    <subfield code="a">no 96065952 </subfield>
  </datafield>
  <datafield tag="035" ind1=" " ind2=" ">
    <subfield code="a">(OCoLC)oca04229334 </subfield>
  </datafield>
  <datafield tag="040" ind1=" " ind2=" ">
    <subfield code="a">InU</subfield>
    <subfield code="c">InU</subfield>
  </datafield>
  <datafield tag="100" ind1="1" ind2="0">
    <subfield code="a">Chahal, S. K.</subfield>
    <subfield code="q">(Surjeet Kaur)</subfield>
  </datafield>
  <datafield tag="400" ind1="1" ind2="0">
    <subfield code="a">Chahal, Surjeet Kaur</subfield>
  </datafield>
  <datafield tag="670" ind1=" " ind2=" ">
    <subfield code="a">Environment and the moral life, 1994:</subfield>
    <subfield code="b">t.p. (S.K. Chahal) p. v (Dr. Surjeet Kaur Chahal)</subfield>
  </datafield>
</record>